<?xml version="1.0" encoding="UTF-8"?><collection xmlns="http://www.loc.gov/MARC21/slim"><record><leader>00484nam--2200181-i-4500</leader><controlfield tag="001">000001118</controlfield><controlfield tag="002">20161230</controlfield><controlfield tag="005">20161230201024</controlfield><controlfield tag="008">060222s1000------------r-----000-0-eng-d</controlfield><datafield ind1=" " ind2=" " tag="020"><subfield code="a">0852264402</subfield></datafield><datafield ind1=" " ind2=" " tag="040"><subfield code="a">IFIN-HH</subfield></datafield><datafield ind1=" " ind2=" " tag="080"><subfield code="a">519.4:530.1:539.2</subfield></datafield><datafield ind1="1" ind2=" " tag="100"><subfield code="a">Joshi, A.W</subfield></datafield><datafield ind1="1" ind2="0" tag="245"><subfield code="a">Elements of group theory for phiscists</subfield><subfield code="c">A.w. joshi</subfield></datafield><datafield ind1=" " ind2=" " tag="260"><subfield code="a">New Delhi</subfield><subfield code="b">Wiley Eastern Private Limited</subfield><subfield code="c">1973</subfield></datafield><datafield ind1=" " ind2=" " tag="300"><subfield code="a">XI+316P</subfield></datafield><datafield ind1=" " ind2=" " tag="852"><subfield code="a">41999</subfield><subfield code="c">519.4/5</subfield></datafield><datafield ind1=" " ind2=" " tag="CAT"><subfield code="a">Sys</subfield><subfield code="c">20130813</subfield><subfield code="h">133733</subfield></datafield></record></collection>